<?xml version="1.0" encoding="UTF-8"?><record xmlns="http://www.loc.gov/MARC21/slim" xmlns:cinclude="http://apache.org/cocoon/include/1.0" xmlns:zs="http://www.loc.gov/zing/srw/">
  <leader>00475cz  a2200145n  4500</leader>
  <controlfield tag="001">n  98035393 </controlfield>
  <controlfield tag="003">DLC</controlfield>
  <controlfield tag="005">20001128070556.0</controlfield>
  <controlfield tag="008">980415n| acannaabn          |a aaa      </controlfield>
  <datafield tag="010" ind1=" " ind2=" ">
    <subfield code="a">n  98035393 </subfield>
  </datafield>
  <datafield tag="035" ind1=" " ind2=" ">
    <subfield code="a">(OCoLC)oca04707312</subfield>
  </datafield>
  <datafield tag="040" ind1=" " ind2=" ">
    <subfield code="a">DLC</subfield>
    <subfield code="b">eng</subfield>
    <subfield code="c">DLC</subfield>
    <subfield code="d">OCoLC</subfield>
  </datafield>
  <datafield tag="100" ind1="1" ind2=" ">
    <subfield code="a">Friedrich-Wössner, Sigrid</subfield>
  </datafield>
  <datafield tag="400" ind1="1" ind2=" ">
    <subfield code="a">Wössner, Sigrid Friedrich-</subfield>
  </datafield>
  <datafield tag="670" ind1=" " ind2=" ">
    <subfield code="a">Kultur und Lebensweise der Juden in Hof seit dem Ausgang des 19. Jahrhunderts, 1997:</subfield>
    <subfield code="b">t.p. (Sigrid Friedrich-Wössner)</subfield>
  </datafield>
</record>